@online{test-zh,
	author = {Vector, Casper Ti.},
	title = {biblatex 参考文献和引用样式：caspervector v0.2.1},
	type = {M/OL},
	date = {2015-04-28},
	url = {https://gitlab.com/CasperVector/biblatex-caspervector/releases/tag/v0.2.1},
	urldate = {2015-04-28},
	language = {chinese},
}


@online{biblatex-caspervector,
	author = {Vector, Casper Ti.},
	title = {biblatex 参考文献和引用样式：caspervector v0.2.1},
	type = {M/OL},
	date = {2015-04-28},
	url = {https://gitlab.com/CasperVector/biblatex-caspervector/releases/tag/v0.2.1},
	urldate = {2015-04-28},
	language = {chinese},
}
% vim:ts=4:sw=4
